@misc{Fancybox,
year = {Letzter Zugriff: 02.09.2013},
howpublished = {\url{http://fancyapps.com/fancybox/#examples}}
}




