@Book{FBBR07,
author = {Faeskorn-Woyke, Heide AND Bertelsmeier, Birgit AND Bauer, Elena AND Riemer, Petra},
title = {Datenbanksysteme. Theorie und Praxis mit SQ2003, Oracle und MySQL},
publisher = {Pearson Studium},
year = {2007},
address = {MÃ¼nchen}
}
